<?xml version="1.0" encoding="UTF-8"?>
<record xmlns="http://www.loc.gov/MARC21/slim" xmlns:xsi="http://www.w3.org/2001/XMLSchema-instance" xsi:schemaLocation="http://www.loc.gov/MARC21/slim http://www.loc.gov/standards/marcxml/schema/MARC21slim.xsd">
<leader>00000cam a22      a 4500</leader>
<controlfield tag="001">002044881</controlfield>
<controlfield tag="003">NNU</controlfield>
<controlfield tag="005">20160302173157.0</controlfield>
<controlfield tag="008">921124s1935    ua       b    000 0 ara d</controlfield>
<datafield tag="035" ind1=" " ind2=" ">
<subfield code="a">(OCoLC)477164381</subfield>
</datafield>
<datafield tag="040" ind1=" " ind2=" ">
<subfield code="a">NNU</subfield>
<subfield code="b">eng</subfield>
<subfield code="c">N15</subfield>
<subfield code="d">OCLCF</subfield>
<subfield code="d">OCLCO</subfield>
<subfield code="d">OCLCQ</subfield>
<subfield code="d">OCL</subfield>
<subfield code="d">NNU</subfield>
</datafield>
<datafield tag="041" ind1="1" ind2=" ">
<subfield code="a">ara</subfield>
<subfield code="h">per</subfield>
</datafield>
<datafield tag="050" ind1=" " ind2="4">
<subfield code="a">B825</subfield>
<subfield code="b">.A3212 1935</subfield>
</datafield>
<datafield tag="100" ind1="1" ind2=" ">
<subfield code="6">880-01</subfield>
<subfield code="a">Afghānī, Jamāl al-Dīn,</subfield>
<subfield code="d">1838-1897.</subfield>
</datafield>
<datafield tag="240" ind1="1" ind2="0">
<subfield code="a">Naycharīyah.</subfield>
<subfield code="l">Arabic</subfield>
</datafield>
<datafield tag="245" ind1="1" ind2="3">
<subfield code="6">880-02</subfield>
<subfield code="a">al-Radd ʻalá al-dahrīyīn /</subfield>
<subfield code="c">taʼlīf Jamāl al-Dīn al-Afghānī ; naqlihā min al-lughah al-Fārsīyah ilá al-lughah al-ʻArabīyah Muḥammad ʻAbduh.</subfield>
</datafield>
<datafield tag="260" ind1=" " ind2=" ">
<subfield code="6">880-03</subfield>
<subfield code="a">Miṣr :</subfield>
<subfield code="b">al-Makabah al-Maḥmūdīyah,</subfield>
<subfield code="c">1935.</subfield>
</datafield>
<datafield tag="300" ind1=" " ind2=" ">
<subfield code="a">80 pages ;</subfield>
<subfield code="c">24 cm</subfield>
</datafield>
<datafield tag="336" ind1=" " ind2=" ">
<subfield code="a">text</subfield>
<subfield code="b">txt</subfield>
<subfield code="2">rdacontent</subfield>
</datafield>
<datafield tag="337" ind1=" " ind2=" ">
<subfield code="a">unmediated</subfield>
<subfield code="b">n</subfield>
<subfield code="2">rdamedia</subfield>
</datafield>
<datafield tag="338" ind1=" " ind2=" ">
<subfield code="a">volume</subfield>
<subfield code="b">nc</subfield>
<subfield code="2">rdacarrier</subfield>
</datafield>
<datafield tag="504" ind1=" " ind2=" ">
<subfield code="a">Includes bibliographical references.</subfield>
</datafield>
<datafield tag="650" ind1=" " ind2="0">
<subfield code="a">Materialism.</subfield>
</datafield>
<datafield tag="650" ind1=" " ind2="0">
<subfield code="a">Islam</subfield>
<subfield code="v">Apologetic works.</subfield>
</datafield>
<datafield tag="650" ind1=" " ind2="7">
<subfield code="a">Islam.</subfield>
<subfield code="2">fast</subfield>
<subfield code="0">(OCoLC)fst00979776</subfield>
</datafield>
<datafield tag="650" ind1=" " ind2="7">
<subfield code="a">Materialism.</subfield>
<subfield code="2">fast</subfield>
<subfield code="0">(OCoLC)fst01011758</subfield>
</datafield>
<datafield tag="655" ind1=" " ind2="7">
<subfield code="a">Apologetic writings.</subfield>
<subfield code="2">fast</subfield>
<subfield code="0">(OCoLC)fst01423698</subfield>
</datafield>
<datafield tag="700" ind1="0" ind2=" ">
<subfield code="6">880-04</subfield>
<subfield code="a">Muḥammad ʻAbduh,</subfield>
<subfield code="d">1849-1905.</subfield>
</datafield>
<datafield tag="880" ind1="1" ind2=" ">
<subfield code="6">100-01/</subfield>
<subfield code="a">افغاني، جمال الدين،</subfield>
<subfield code="d">1838-1897.</subfield>
</datafield>
<datafield tag="880" ind1="1" ind2="2">
<subfield code="6">245-02/</subfield>
<subfield code="a">الرد على الدهريين /</subfield>
<subfield code="c">تأليف جمال الدين الافغاني ؛ نقلها من اللغة الفارسية الى اللغة العربية محمد عبده.</subfield>
</datafield>
<datafield tag="880" ind1=" " ind2=" ">
<subfield code="6">260-03/</subfield>
<subfield code="a">مصر :</subfield>
<subfield code="b">المكبة المحمودية،</subfield>
<subfield code="c">1935.</subfield>
</datafield>
<datafield tag="880" ind1="0" ind2=" ">
<subfield code="6">700-04/</subfield>
<subfield code="a">محمد عبده،</subfield>
<subfield code="d">1849-1905.</subfield>
</datafield>
<datafield tag="OWN" ind1=" " ind2=" ">
<subfield code="a">GENERAL</subfield>
</datafield>
<datafield tag="AVA" ind1=" " ind2=" ">
<subfield code="a">NYU50</subfield>
<subfield code="b">BOBST</subfield>
<subfield code="c">Main Collection</subfield>
<subfield code="d">B825 .A3212 1935</subfield>
<subfield code="e">unavailable</subfield>
<subfield code="t">Unavailable</subfield>
<subfield code="f">1</subfield>
<subfield code="g">1</subfield>
<subfield code="h">N</subfield>
<subfield code="i">0</subfield>
<subfield code="j">MAIN</subfield>
<subfield code="k">0</subfield>
</datafield>
</record>
